

@incollection{buccafurri1997strong,
  title={Strong and weak constraints in disjunctive datalog},
  author={Buccafurri, Francesco and Leone, Nicola and Rullo, Pasquale},
  booktitle={Logic Programming And Nonmonotonic Reasoning},
  pages={2--17},
  year={1997},
  publisher={Springer}
}



